<record><leader>00000cas a22000007a 4500</leader><controlfield tag="001">11233254</controlfield><controlfield tag="008">841005d18631877nyuwr ne      0    0eng d</controlfield><datafield ind1=" " ind2=" " tag="010"><subfield code="a">sn 84031816 </subfield></datafield><datafield ind1=" " ind2=" " tag="040"><subfield code="a">NYG</subfield><subfield code="b">eng</subfield><subfield code="c">NYG</subfield><subfield code="d">NPX</subfield><subfield code="d">NYS</subfield><subfield code="d">YOX</subfield><subfield code="d">NYS</subfield><subfield code="d">OCL</subfield><subfield code="d">KRTAS</subfield><subfield code="d">OCLCQ</subfield><subfield code="d">OCLCF</subfield><subfield code="d">OCLCO</subfield></datafield><datafield ind1="1" ind2=" " tag="029"><subfield code="a">AU@</subfield><subfield code="b">000020232577</subfield></datafield><datafield ind1=" " ind2=" " tag="042"><subfield code="a">msc</subfield></datafield><datafield ind1=" " ind2=" " tag="043"><subfield code="a">n-us-ny</subfield></datafield><datafield ind1="0" ind2="4" tag="245"><subfield code="a">The Canajoharie radii and tax-payers' journal.</subfield></datafield><datafield ind1="1" ind2="3" tag="246"><subfield code="a">Weekly radii and tax payers' journal</subfield></datafield><datafield ind1=" " ind2=" " tag="260"><subfield code="a">Canajoharie, N.Y. :</subfield><subfield code="b">Arkell &amp; Allen,</subfield><subfield code="c">1863-1877.</subfield></datafield><datafield ind1=" " ind2=" " tag="300"><subfield code="a">v. :</subfield><subfield code="b">ill. ;</subfield><subfield code="c">67 cm.</subfield></datafield><datafield ind1=" " ind2=" " tag="310"><subfield code="a">Weekly</subfield></datafield><datafield ind1="0" ind2=" " tag="362"><subfield code="a">Vol. 28, no. 1 (Apr. 30, 1863)-v. 41, no. 52 (Apr. 5, 1877).</subfield></datafield><datafield ind1=" " ind2=" " tag="500"><subfield code="a">Publishers: Arkell &amp; Allen, 1863-1866; Allen &amp; Matthewson, 1866-1868; L.F. Allen &amp; Co., 1868-1877.</subfield></datafield><datafield ind1=" " ind2=" " tag="500"><subfield code="a">Editor: James Arkell, &lt;1863&gt;.</subfield></datafield><datafield ind1=" " ind2=" " tag="530"><subfield code="a">Also issued on microfilm from the New York Public Library.</subfield></datafield><datafield ind1=" " ind2="0" tag="651"><subfield code="a">Canajoharie (N.Y.)</subfield><subfield code="v">Newspapers.</subfield></datafield><datafield ind1=" " ind2="0" tag="651"><subfield code="a">Montgomery County (N.Y.)</subfield><subfield code="v">Newspapers.</subfield></datafield><datafield ind1=" " ind2="7" tag="655"><subfield code="a">Newspapers.</subfield><subfield code="2">fast</subfield><subfield code="0">(OCoLC)fst01423814</subfield></datafield><datafield ind1=" " ind2="7" tag="651"><subfield code="a">New York (State)</subfield><subfield code="z">Canajoharie.</subfield><subfield code="2">fast</subfield><subfield code="0">(OCoLC)fst01238633</subfield></datafield><datafield ind1=" " ind2="7" tag="651"><subfield code="a">New York (State)</subfield><subfield code="z">Montgomery County.</subfield><subfield code="2">fast</subfield><subfield code="0">(OCoLC)fst01208884</subfield></datafield><datafield ind1=" " ind2=" " tag="752"><subfield code="a">United States</subfield><subfield code="b">New York</subfield><subfield code="c">Montgomery</subfield><subfield code="d">Canajoharie.</subfield></datafield><datafield ind1="0" ind2=" " tag="775"><subfield code="t">New-York State radii and deaf-mutes' journal</subfield><subfield code="w">(DLC)sn 83031553</subfield></datafield><datafield ind1="0" ind2="0" tag="780"><subfield code="t">Canajoharie radii (Canajoharie, N.Y. : 1858)</subfield><subfield code="w">(DLC)sn 83031551</subfield></datafield><datafield ind1="0" ind2="0" tag="785"><subfield code="t">Canajoharie radii (Canajoharie, N.Y. : 1877)</subfield><subfield code="w">(DLC)sn 88074587</subfield><subfield code="w">(OCoLC)18214531</subfield></datafield><datafield ind1=" " ind2=" " tag="938"><subfield code="a">Kirtas Technologies, Inc.</subfield><subfield code="b">KRTS</subfield><subfield code="n">738809</subfield></datafield></record>